<record><leader>00000cas a22000007a 4500</leader><controlfield tag="001">10137863</controlfield><controlfield tag="008">831117d18371906njuwr ne      0    0eng d</controlfield><datafield ind1=" " ind2=" " tag="010"><subfield code="a">sn 83032075 </subfield></datafield><datafield ind1=" " ind2=" " tag="040"><subfield code="a">NPU</subfield><subfield code="b">eng</subfield><subfield code="c">NPU</subfield><subfield code="d">DLC</subfield><subfield code="d">NPX</subfield><subfield code="d">NPA</subfield><subfield code="d">NJW</subfield><subfield code="d">DLC</subfield><subfield code="d">OCLCQ</subfield><subfield code="d">DLC</subfield><subfield code="d">OCLCQ</subfield><subfield code="d">UBY</subfield><subfield code="d">KRTAS</subfield><subfield code="d">OCLCQ</subfield><subfield code="d">OCLCF</subfield><subfield code="d">OCLCO</subfield></datafield><datafield ind1="1" ind2=" " tag="029"><subfield code="a">AU@</subfield><subfield code="b">000026221635</subfield></datafield><datafield ind1=" " ind2=" " tag="042"><subfield code="a">msc</subfield></datafield><datafield ind1=" " ind2=" " tag="043"><subfield code="a">n-us-nj</subfield></datafield><datafield ind1="0" ind2="0" tag="050"><subfield code="a">Newspaper</subfield></datafield><datafield ind1="0" ind2=" " tag="130"><subfield code="a">Bridgeton chronicle (Bridgeton, N.J. : 1837)</subfield></datafield><datafield ind1="1" ind2="0" tag="245"><subfield code="a">Bridgeton chronicle.</subfield></datafield><datafield ind1="3" ind2="0" tag="246"><subfield code="a">Weekly Bridgeton chronicle</subfield></datafield><datafield ind1=" " ind2=" " tag="260"><subfield code="a">Bridgeton, N.J. :</subfield><subfield code="b">Seymour &amp; Newell,</subfield><subfield code="c">1837-</subfield></datafield><datafield ind1=" " ind2=" " tag="300"><subfield code="a">v. ;</subfield><subfield code="c">72 cm.</subfield></datafield><datafield ind1=" " ind2=" " tag="310"><subfield code="a">Weekly</subfield></datafield><datafield ind1="1" ind2=" " tag="362"><subfield code="a">Began with Dec. 23, 1837 issue; ceased in 1906.</subfield></datafield><datafield ind1=" " ind2=" " tag="500"><subfield code="a">Published as: Weekly Bridgeton chronicle, Dec. 21, 1883-Sept. 24, 1884.</subfield></datafield><datafield ind1=" " ind2=" " tag="500"><subfield code="a">Publishers: James M. Seymour &amp; Matthew Newell, Dec. 23, 1937-&lt;1839&gt;; George F. Nixon, &lt;1864-1876&gt;.</subfield></datafield><datafield ind1=" " ind2=" " tag="500"><subfield code="a">Editor: George F. Nixon, &lt;1864-1876&gt;.</subfield></datafield><datafield ind1=" " ind2=" " tag="530"><subfield code="a">Also issued on microfilm as part of the Civil War newspapers collection.</subfield></datafield><datafield ind1=" " ind2=" " tag="588"><subfield code="a">Description based on: Vol. 2, no. 3 (Jan. 5, 1839).</subfield></datafield><datafield ind1=" " ind2="0" tag="651"><subfield code="a">Bridgeton (N.J.)</subfield><subfield code="v">Newspapers.</subfield></datafield><datafield ind1=" " ind2="7" tag="655"><subfield code="a">Newspapers.</subfield><subfield code="2">fast</subfield><subfield code="0">(OCoLC)fst01423814</subfield></datafield><datafield ind1=" " ind2="7" tag="651"><subfield code="a">New Jersey</subfield><subfield code="z">Bridgeton.</subfield><subfield code="2">fast</subfield><subfield code="0">(OCoLC)fst01222549</subfield></datafield><datafield ind1=" " ind2=" " tag="752"><subfield code="a">United States</subfield><subfield code="b">New Jersey</subfield><subfield code="c">Cumberland</subfield><subfield code="d">Bridgeton.</subfield></datafield><datafield ind1="0" ind2=" " tag="775"><subfield code="t">Bridgeton daily chronicle (Bridgeton, N.J. : 1873)</subfield></datafield><datafield ind1="0" ind2=" " tag="775"><subfield code="t">Bridgeton daily</subfield><subfield code="w">(DLC)sn 85025041</subfield><subfield code="w">(OCoLC)11557035</subfield></datafield><datafield ind1="0" ind2=" " tag="775"><subfield code="t">Bridgeton daily chronicle (Bridgeton, N.J. : 1882)</subfield></datafield><datafield ind1="0" ind2=" " tag="775"><subfield code="t">Morning star (Bridgeton, N.J.)</subfield></datafield><datafield ind1="0" ind2=" " tag="775"><subfield code="t">Bridgeton daily chronicle (Bridgeton, N.J. : 1899)</subfield></datafield><datafield ind1="0" ind2="4" tag="780"><subfield code="t">West Jersey observer</subfield><subfield code="w">(DLC)sn 84020413</subfield><subfield code="w">(OCoLC)10766546</subfield></datafield><datafield ind1="0" ind2="4" tag="780"><subfield code="t">Washington Whig (Bridgeton, N.J. : 1826)</subfield><subfield code="w">(DLC)sn 84020417</subfield><subfield code="w">(OCoLC)10768855</subfield></datafield><datafield ind1=" " ind2=" " tag="938"><subfield code="a">Kirtas Technologies, Inc.</subfield><subfield code="b">KRTS</subfield><subfield code="n">737898</subfield></datafield></record>